@inproceedings{kirchenbauer2023watermark,
  title     = {A Watermark for Large Language Models},
  author    = {Kirchenbauer, John and Geiping, Jonas and Wen, Yuxin and Katz, Jonathan and Miers, Ian and Goldstein, Tom},
  booktitle = {Proceedings of the 40th International Conference on Machine Learning},
  series    = {Proceedings of Machine Learning Research},
  volume    = {202},
  pages     = {17061--17084},
  year      = {2023},
  publisher = {PMLR},
  url       = {https://proceedings.mlr.press/v202/kirchenbauer23a.html}
}

@inproceedings{He2024cwra,
  title     = {Can Watermarks Survive Translation? On the Cross-lingual Consistency of Text Watermark for Large Language Models},
  author    = {He, Zhiwei and Zhou, Binglin and Hao, Hongkun and Liu, Aiwei and Wang, Xing and Tu, Zhaopeng and Zhang, Zhuosheng and Wang, Rui},
  booktitle = {Proceedings of the 62nd Annual Meeting of the Association for Computational Linguistics (Volume 1: Long Papers)},
  pages     = {4115--4129},
  year      = {2024},
  month     = aug,
  address   = {Bangkok, Thailand},
  publisher = {Association for Computational Linguistics},
  doi       = {10.18653/v1/2024.acl-long.226},
  url       = {https://aclanthology.org/2024.acl-long.226/}
}

@inproceedings{liu2024sir,
  title     = {A Semantic Invariant Robust Watermark for Large Language Models},
  author    = {Liu, Aiwei and Pan, Leyi and Hu, Xuming and Meng, Shiao and Wen, Lijie},
  booktitle = {The Twelfth International Conference on Learning Representations},
  year      = {2024},
  note      = {ICLR 2024},
  url       = {https://openreview.net/forum?id=6p8lpe4MNf}
}

@inproceedings{pan2024marklllm,
  title     = {MarkLLM: An Open-Source Toolkit for LLM Watermarking},
  author    = {Pan, Leyi and Liu, Aiwei and He, Zhiwei and Gao, Zitian and Zhao, Xuandong and Lu, Yijian and Zhou, Binglin and Liu, Shuliang and Hu, Xuming and Wen, Lijie and King, Irwin and Yu, Philip S.},
  booktitle = {Proceedings of the 2024 Conference on Empirical Methods in Natural Language Processing: System Demonstrations},
  pages     = {61--71},
  year      = {2024},
  month     = nov,
  address   = {Miami, Florida, USA},
  publisher = {Association for Computational Linguistics},
  doi       = {10.18653/v1/2024.emnlp-demo.7},
  url       = {https://aclanthology.org/2024.emnlp-demo.7/}
}

@inproceedings{fan2021beyond,
  title     = {Beyond English-Centric Multilingual Machine Translation},
  author    = {Fan, Angela and Bhosale, Shruti and Schwenk, Holger and Ma, Zhiyi and El-Kishky, Ahmed and Goyal, Siddharth and Baines, Mandeep and Celebi, Onur and Wenzek, Guillaume and Chaudhary, Vishrav and Goyal, Naman and Birch, Tom and Liptchinsky, Vitaliy and Edunov, Sergey and Grave, Edouard and Auli, Michael and Joulin, Armand},
  booktitle = {Journal of Machine Learning Research},
  volume    = {22},
  number    = {107},
  pages     = {1--48},
  year      = {2021},
  url       = {http://jmlr.org/papers/v22/20-1307.html}
}

@inproceedings{xue2021mt5,
  title     = {mT5: A Massively Multilingual Pre-trained Text-to-Text Transformer},
  author    = {Xue, Linting and Constant, Noah and Roberts, Adam and Kale, Mihir and Al-Rfou, Rami and Siddhant, Aditya and Barua, Aditya and Raffel, Colin},
  booktitle = {Proceedings of the 2021 Conference of the North American Chapter of the Association for Computational Linguistics: Human Language Technologies},
  pages     = {483--498},
  year      = {2021},
  month     = jun,
  address   = {Online},
  publisher = {Association for Computational Linguistics},
  doi       = {10.18653/v1/2021.naacl-main.41},
  url       = {https://aclanthology.org/2021.naacl-main.41}
}

@inproceedings{hasan2021xl,
  title     = {XL-Sum: Large-Scale Multilingual Abstractive Summarization for 44 Languages},
  author    = {Hasan, Tahmid and Ahmed, Abhik and Abdullah, Kazi Samin and Chy, Abu Nowshed and Humayun, Ameer and Paul, Anindya and Kobra, Arafat Sultan and Sarkar, Shafiq and Sultana, Md Tahmid Hasan and Deepak, Rakib and others},
  booktitle = {Findings of the Association for Computational Linguistics: ACL-IJCNLP 2021},
  pages     = {4693--4703},
  year      = {2021},
  publisher = {Association for Computational Linguistics},
  doi       = {10.18653/v1/2021.findings-acl.413},
  url       = {https://aclanthology.org/2021.findings-acl.413}
}

@inproceedings{zhang2020pegasus,
  title     = {PEGASUS: Pre-training with Extracted Gap-sentences for Abstractive Summarization},
  author    = {Zhang, Jingqing and Zhao, Yao and Saleh, Mohammad and Liu, Peter J.},
  booktitle = {Proceedings of the 37th International Conference on Machine Learning},
  pages     = {11328--11339},
  year      = {2020},
  volume    = {119},
  series    = {Proceedings of Machine Learning Research},
  publisher = {PMLR},
  url       = {http://proceedings.mlr.press/v119/zhang20ae.html}
}
